<?xml version="1.0" encoding="UTF-8"?><collection xmlns="http://www.loc.gov/MARC21/slim"><record><leader>00357nam--2200133-i-4500</leader><controlfield tag="001">000020252</controlfield><controlfield tag="002">20161230</controlfield><controlfield tag="005">20161230201033</controlfield><controlfield tag="008">060222s1000------------r-----000-0-eng-d</controlfield><datafield ind1=" " ind2=" " tag="080"><subfield code="a">620.91</subfield></datafield><datafield ind1=" " ind2=" " tag="100"><subfield code="a">Eden, Richard /S.A.</subfield></datafield><datafield ind1=" " ind2=" " tag="245"><subfield code="a">Energy economics.growth,resources and policies</subfield></datafield><datafield ind1=" " ind2=" " tag="260"><subfield code="a">Cambridge, University Press, 1981. Xiii + 442 P</subfield></datafield><datafield ind1=" " ind2=" " tag="852"><subfield code="a">71646</subfield></datafield></record></collection>